@article{Ferrari01082004,
  author    = {Silvia Ferrari and Francisco Cribari-Neto},
  title     = {Beta Regression for Modelling Rates and Proportions},
  journal   = {Journal of Applied Statistics},
  volume    = {31},
  number    = {7},
  pages     = {799--815},
  year      = {2004},
  publisher = {Taylor \& Francis},
  doi       = {10.1080/0266476042000214501}
}

@manual{betareg-pack,
  author = {Zeileis, Achim and Cribari-Neto, Francisco and Gr√ºn, Bettina and Kosmidis, Ioannis},
  title  = {betareg: Beta Regression},
  year   = {2004},
  note   = {{R}~package version~3.2-1},
  url    = {{https://CRAN.R-project.org/package=betareg}}
}